@book{daub,
	series = {{CBMS}-{NSF} {Regional} conference series in applied mathematics},
	title = {Ten lectures on wavelets},
	isbn = {9781611970104 9780898712742},
	number = {61},
	publisher = {Society for Industrial and Applied Mathematics (SIAM)},
	author = {Daubechies, Ingrid},
	year = {1992},
}

@article{ayache,
	title = {A mini-course on Wavelets and Fractional Processes},
	author = {Ayache, Antoine},
	year = {2010},
}

@book{sarapa,
	title = {Teorija vjerojatnosti},
	author = {Nikola Sarapa},
	publisher = {Školska Knjiga},
	series = {Udžbenici Sveučilišta u Zagrebu},
	year = {1980},
}
